@Misc{scratch,
  title = {Scratch},
  url = {https://scratch.mit.edu/},
  author = {Lifelong Kindergarten, MIT Media Lab}
}

@Misc{cargo-bot,
  title = {Cargo-Bot},
  url = {https://itunes.apple.com/us/app/cargo-bot/id519690804},
  author = {Two Lives Left}
}

@Misc{bee-bot,
  title = {Bee Bot},
  url = {https://itunes.apple.com/us/app/bee-bot/id500131639},
  author = {TTS Group}
}

@Misc{light-bot,
  title = {Light Bot},
  url = {http://light-bot.com/hocflash.html},
  author = {Light-Bot TM}
}
